<?xml version="1.0" encoding="UTF-8"?><record xmlns="http://www.loc.gov/MARC21/slim" xmlns:cinclude="http://apache.org/cocoon/include/1.0" xmlns:zs="http://www.loc.gov/zing/srw/">
  <leader>00651nz  a2200145n  4500</leader>
  <controlfield tag="001">n  93114445 </controlfield>
  <controlfield tag="003">DLC</controlfield>
  <controlfield tag="005">19931123112345.4</controlfield>
  <controlfield tag="008">931123n| acannaab|          |a ana |||  </controlfield>
  <datafield tag="010" ind1=" " ind2=" ">
    <subfield code="a">n  93114445 </subfield>
  </datafield>
  <datafield tag="040" ind1=" " ind2=" ">
    <subfield code="a">DLC</subfield>
    <subfield code="c">DLC</subfield>
  </datafield>
  <datafield tag="110" ind1="2" ind2="0">
    <subfield code="a">Privolzhskoe territorialʹnoe upravlenie po gidrometeorologii i kontroli︠u︡ prirodnoĭ sredy</subfield>
  </datafield>
  <datafield tag="510" ind1="2" ind2="0">
    <subfield code="w">b</subfield>
    <subfield code="a">Privolzhskoe territorialʹnoe upravlenie po gidrometeorologii</subfield>
  </datafield>
  <datafield tag="670" ind1=" " ind2=" ">
    <subfield code="a">Klimat Saratova, 1987:</subfield>
    <subfield code="b">t.p. (Privolzhskoe territorialʹnoe upravlenie po gidrometeorologii i kontroli︠u︡ prirodnoĭ sredy)</subfield>
  </datafield>
  <datafield tag="675" ind1=" " ind2=" ">
    <subfield code="a">LC data base 11-23-93 (hdg.: Privolzhskoe territorialʹnoe upravlenie po gidrometeorologii)</subfield>
  </datafield>
</record>